
%Dans les citations de Wikipédia, natex/bibtex crée des lignes du type
%\bibitem[Wikipédia(2013{\natexlab{a}})]{AABkVai}
%\bibitem[Wikipédia(2013{\natexlab{b}})]{RDlLltQ}
%\bibitem[Wikipédia(2013{\natexlab{c}})]{DBChzKG}
%etc.
%parce qu'il ajoute automatiquement une lettre à côté de auteur-année si il y en a plusieurs.
%Du coup on n'a droit qu'à citer 26 fois le même auteur la même année parce que après \natexlabl{z},
%c'est \natexlab{{} avec ``{'' comme ``lettre''. Je ne te dis pas comment LaTeX apprécie !
%La solution serait soit de supprimer l'année, soit donner le mois. En tout cas, il faut varier.

% WARNING :
% When citing an online source, you have to provide the URL filed as
% url = "http://math.unice.fr/~jabin/CTD3-8.pdf",

# TODOooEXQAooIYjatp
# À un certain point, il faudra répondre à
# https://math.stackexchange.com/questions/947380/matrix-lie-algebras?rq=1
# https://math.stackexchange.com/questions/168505/two-lie-algebras-associated-to-gln-mathbbc?rq=1


@ARTICLE{BIBooQVDOooFONdrf,
    author = {Koufany, Khalid},
    title = {Formes linéaires et dualité},
    year = {Janvier 2018},
    url = "http://www.iecl.univ-lorraine.fr/~Khalid.Koufany/Alg-Bil/Chap1-Formes-Lineaires.pdf",
}

@ARTICLE{BIBooUULNooUtlrar,
    author = {Lebaud, Marie-Pierre},
    title = {Formes quadratiques},
    year = {},
    url = "https://perso.univ-rennes1.fr/marie-pierre.lebaud/agint/ecrit/algebre-lineaire/formes-quadratiques/V-formes-quadratiques.pdf",
}

@misc{BIBooXOWGooAPWTfT,
  author = "Wikipédia",
  title = "Loi d'inertie de Sylvester --- Wikipédia{,} l'encyclopédie libre",
  year = "2019",
  url = "http://fr.wikipedia.org/w/index.php?title=Loi_d%27inertie_de_Sylvester&oldid=156712630",
  note = "[En ligne; Page disponible le 13-février-2019]"
}

@ARTICLE{BIBooVUFIooNEETXD,
    author = {Quéffelec, M. and Bodin, A.},
    title = {Topologie générale},
    year = {},
    url = "http://exo7.emath.fr/ficpdf/fic00037.pdf",
}

@ARTICLE{BIBooFEKBooFhPatO,
    author = {Ambigraphe},
    title = {Demande de référence},
    year = {2008},
    url = "https://fr.wikipedia.org/wiki/Discussion:Ouvert_(topologie)",
}

@misc{BIBooCGIFooGvxBWL,
  author = "Wikipédia",
  title = "Connexité (mathématiques) --- Wikipédia{,} l'encyclopédie libre",
  year = "2019",
  url = "http://fr.wikipedia.org/w/index.php?title=Connexit%C3%A9_(math%C3%A9matiques)&oldid=164885091",
  note = "[En ligne; Page disponible le 26-novembre-2019]"
}

@ARTICLE{BIBooZZNRooZytRuC,
    author = {Labib-Sami, Ramez},
    title = {Théorie de la cardinalité -2. Ensembles infini non dénombrables.},
    year = {2015},
    url = "http://www.logique.jussieu.fr/~sami/Ensembles_L3/5_Cardinaux_non_denombrables.pdf",
}

@ARTICLE{BIBooYBGLooUZuTrc,
    author = {cdrcprds},
    title = {Ensembles équipotents : ajouter ou soustraire des cardinalités},
    year = {2020},
    url = "https://github.com/LaurentClaessens/mazhe/issues/146#issuecomment-588513588",
}

@misc{BIBooTSOKooCWxMwj,
  author = "Wikipédia",
  title = "Théorème de comparabilité cardinale --- Wikipédia{,} l'encyclopédie libre",
  year = "2019",
  url = "http://fr.wikipedia.org/w/index.php?title=Th%C3%A9or%C3%A8me_de_comparabilit%C3%A9_cardinale&oldid=158933871",
  note = "[En ligne; Page disponible le 2-mai-2019]"
}

@ARTICLE{BIBooFQQWooIuoZyf,
    author = {Estanislao, Herscovich},
    title = {Existence et «unicité» d'une clôture algébrique},
    year = {},
    url = "https://www-fourier.ujf-grenoble.fr/~eherscov/MAT4111/ThmSteinitz.pdf",
}

@misc{BIBooXHFNooSmqUar,
  author = "Wikipédia",
  title = "Théorème de Cantor --- Wikipédia{,} l'encyclopédie libre",
  year = "2020",
  url = "http://fr.wikipedia.org/w/index.php?title=Th%C3%A9or%C3%A8me_de_Cantor&oldid=166939268",
  note = "[En ligne; Page disponible le 31-janvier-2020]"
}

@ARTICLE{BIBooECJMooGPxBem,
    author = {Bogomolny, Alexander},
    title = {Cantor-Bernstein-Schroeder theorem},
    url = "https://www.cut-the-knot.org/WhatIs/Infinity/Bernstein.shtml"
}

@misc{BIBooYDIJooWCVynX,
  author = "Wikipédia",
  title = "Lemme de Zorn --- Wikipédia{,} l'encyclopédie libre",
  year = "2019",
  url = "http://fr.wikipedia.org/w/index.php?title=Lemme_de_Zorn&oldid=164572297",
  note = "[En ligne; Page disponible le 16-novembre-2019]"
}


@ARTICLE{BIBooDLDFooFwXSGV,
    author = {MikeMathMan},
    title = {Cardinality of the Cartesian Product of Two Equinumerous Infinite Sets},
    year = {2017},
    url = "https://math.stackexchange.com/questions/1383755/cardinality-of-the-cartesian-product-of-two-equinumerous-infinite-sets"
}

@ARTICLE{BIBooWNKRooETlebF,
    author = {Von Buhren, Jérôme},
    title = {Cardinal d'un ensemble et théorème de Cantor-Bernstein},
    url = "http://vonbuhren.free.fr/Prepa/Problemes/Cardinal_ensemble_theoreme_Cantor_Bernstein.pdf",
}

@misc{BIBooAKHUooProFGE,
  author = "Wikipédia",
  title = "Équipotence --- Wikipédia{,} l'encyclopédie libre",
  year = "2019",
  url = "http://fr.wikipedia.org/w/index.php?title=%C3%89quipotence&oldid=157942537",
  note = "[En ligne; Page disponible le 28-mars-2019]"
}


@ARTICLE{BIBooYYZPooMgFzkp,
    author = {Debarre, Olivier},
    title = {Algèbre 2},
    year = {2012-2013},
    url = "https://www.math.ens.fr/~debarre/Algebre2.pdf",
}


@misc{BIBooR

@Article{Maxima,
   title  = {Maxima 5.10.0},
   year   = {March 2006},
   note = {A \emph{libre} software for the manipulation of symbolic and numerical expressions.
       \\\url{http://maxima.sourceforge.net/}}
}

@manual{Sage,
  Key          = {Sage},
  Author       = {W.\thinspace{}A. Stein and others},
  Organization = {The Sage Development Team},
  Title        = {{S}age {M}athematics {S}oftware ({V}ersion 4.3.3)},
  Note      = {\\\url{http://www.sagemath.org}},
  Year         = {2009},
}

@Article{RecQuadVento,
    author = {Vento, Stephane},
    title  = {La loi de réciprocité quadratique},
    year   = {2005},
    note   = {\\\url{http://www.proba.jussieu.fr/pageperso/nourdin/LeSiteDeLAgregatif/vento2.pdf}},
}

% This reference has to be the last one because the unclosed parenthesis makes the whole remaining syntax coloration fail.
# http://www.xkcd.com/859/
@Article{SNPdukn,
    author = {Marsden, Jerome E. and Ratiu, Tudor S.},
    title = {Manifolds, tensor analysis and applications},
    year = {2002},
    url = "http://www.springer.com/gp/book/9780387967905",
}

@misc{ooZFLHooQmmfyS,
  author = "Wikipédia",
  title = "Mesure (mathématiques) --- Wikipédia{,} l'encyclopédie libre",
  year = "2018",
  url = "http://fr.wikipedia.org/w/index.php?title=Mesure_(math%C3%A9matiques)&oldid=145203435",
  note = "[En ligne; Page disponible le 5-février-2018]"
}

@misc{BIBooECJTooEfmLsr,
    author = "{Wikipedia contributors}",
    title = "Immersion (mathematics) --- {Wikipedia}{,} The Free Encyclopedia",
    year = "2018",
    url = "https://en.wikipedia.org/w/index.php?title=Immersion_(mathematics)&oldid=864823918",
    note = "[Online; accessed 8-January-2019]"
  }
@misc{ooKBUGooWCSiXh,
  author = "Wikipédia",
  title = "Base (topologie) --- Wikipédia{,} l'encyclopédie libre",
  year = "2017",
  url = "http://fr.wikipedia.org/w/index.php?title=Base_(topologie)&oldid=140151583",
  note = "[En ligne; Page disponible le 29-août-2017]"
}
@ARTICLE{ooEJTBooFehGbZ,
    author = {Claessens Laurent},
    title = {Définition de la limite},
    year = {2018},
    url = "https://fr.wikipedia.org/wiki/Discussion:Espace_topologique#D%C3%A9finition_de_la_limite"
}
@misc{ooTZHGooEPFstf,
   author = "Wikipédia",
   title = "Théorème de Cauchy (groupes) --- Wikipédia{,} l'encyclopédie libre",
   year = "2017",
   url = "http://fr.wikipedia.org/w/index.php?title=Th%C3%A9or%C3%A8me_de_Cauchy_(groupes)&oldid=140167231",
    note = "[En ligne; Page disponible le 17-septembre-2017 ]"
 }
@misc{ooEGXQooRwPKcC,
   author = "Wikipédia",
   title = "Flot (mathématiques) --- Wikipédia{,} l'encyclopédie libre",
   year = "2017",
   url = "http://fr.wikipedia.org/w/index.php?title=Flot_(math%C3%A9matiques)&oldid=134130419",
   note = "[En ligne; Page disponible le 1-février-2017]"
 }

@misc{ooLFZTooJWJUed,
  author = "Wikipédia",
  title = "Mineur (algèbre linéaire) --- Wikipédia{,} l'encyclopédie libre",
  year = "2017",
  url = "http://fr.wikipedia.org/w/index.php?title=Mineur_(alg%C3%A8bre_lin%C3%A9aire)&oldid=133960288",
  note = "[En ligne; Page disponible le 25-janvier-2017]"
}

@misc{IEDooSJNUQD,
   author = "Wikipédia",
   title = "Vénus (planète) --- Wikipédia{,} l'encyclopédie libre",
   year = "2014",
   url = "http://fr.wikipedia.org/w/index.php?title=V%C3%A9nus_(plan%C3%A8te)&oldid=106513457",
   note = "[En ligne; Page disponible le 7-septembre-2014]"
 }

